%YAML 1.1
%TAG !u! tag:unity3d.com,2011:
--- !u!1 &7875210321907479
GameObject:
  m_ObjectHideFlags: 0
  m_CorrespondingSourceObject: {fileID: 0}
  m_PrefabInstance: {fileID: 0}
  m_PrefabAsset: {fileID: 0}
  serializedVersion: 6
  m_Component:
  - component: {fileID: 509862687420121570}
  m_Layer: 0
  m_Name: avantBrasGauche
  m_TagString: Untagged
  m_Icon: {fileID: 0}
  m_NavMeshLayer: 0
  m_StaticEditorFlags: 0
  m_IsActive: 1
--- !u!4 &509862687420121570
Transform:
  m_ObjectHideFlags: 0
  m_CorrespondingSourceObject: {fileID: 0}
  m_PrefabInstance: {fileID: 0}
  m_PrefabAsset: {fileID: 0}
  m_GameObject: {fileID: 7875210321907479}
  m_LocalRotation: {x: -0.0028049173, y: -0.11694719, z: 0.09658887, w: 0.9884261}
  m_LocalPosition: {x: -0.14494872, y: 0.0000048828124, z: 0}
  m_LocalScale: {x: 1, y: 1, z: 1}
  m_Children:
  - {fileID: 7493620205501871483}
  m_Father: {fileID: 8442722916305144636}
  m_RootOrder: 0
  m_LocalEulerAnglesHint: {x: 0, y: 0, z: 0}
--- !u!1 &463575427050061159
GameObject:
  m_ObjectHideFlags: 0
  m_CorrespondingSourceObject: {fileID: 0}
  m_PrefabInstance: {fileID: 0}
  m_PrefabAsset: {fileID: 0}
  serializedVersion: 6
  m_Component:
  - component: {fileID: 433038343272783943}
  m_Layer: 0
  m_Name: piedDroit
  m_TagString: Untagged
  m_Icon: {fileID: 0}
  m_NavMeshLayer: 0
  m_StaticEditorFlags: 0
  m_IsActive: 1
--- !u!4 &433038343272783943
Transform:
  m_ObjectHideFlags: 0
  m_CorrespondingSourceObject: {fileID: 0}
  m_PrefabInstance: {fileID: 0}
  m_PrefabAsset: {fileID: 0}
  m_GameObject: {fileID: 463575427050061159}
  m_LocalRotation: {x: 1.09139095e-11, y: -2.1845518e-14, z: -0.002001618, w: 0.99999803}
  m_LocalPosition: {x: -0.12375976, y: 0.0001171875, z: 0}
  m_LocalScale: {x: 1.000001, y: 1.000001, z: 1}
  m_Children: []
  m_Father: {fileID: 4814215520007103400}
  m_RootOrder: 0
  m_LocalEulerAnglesHint: {x: 0, y: 0, z: 0}
--- !u!1 &669025437436968307
GameObject:
  m_ObjectHideFlags: 0
  m_CorrespondingSourceObject: {fileID: 0}
  m_PrefabInstance: {fileID: 0}
  m_PrefabAsset: {fileID: 0}
  serializedVersion: 6
  m_Component:
  - component: {fileID: 7037895759702693638}
  m_Layer: 0
  m_Name: jambeGauche
  m_TagString: Untagged
  m_Icon: {fileID: 0}
  m_NavMeshLayer: 0
  m_StaticEditorFlags: 0
  m_IsActive: 1
--- !u!4 &7037895759702693638
Transform:
  m_ObjectHideFlags: 0
  m_CorrespondingSourceObject: {fileID: 0}
  m_PrefabInstance: {fileID: 0}
  m_PrefabAsset: {fileID: 0}
  m_GameObject: {fileID: 669025437436968307}
  m_LocalRotation: {x: -0.00000003342558, y: -0.000000048452183, z: -0.56786346, w: 0.82312274}
  m_LocalPosition: {x: -0.22164062, y: -0.00014648437, z: 0}
  m_LocalScale: {x: 1, y: 1, z: 1}
  m_Children:
  - {fileID: 147475943709149490}
  m_Father: {fileID: 8012546104051191789}
  m_RootOrder: 0
  m_LocalEulerAnglesHint: {x: 0, y: 0, z: 0}
--- !u!1 &1467994830078256717
GameObject:
  m_ObjectHideFlags: 0
  m_CorrespondingSourceObject: {fileID: 0}
  m_PrefabInstance: {fileID: 0}
  m_PrefabAsset: {fileID: 0}
  serializedVersion: 6
  m_Component:
  - component: {fileID: 2451088897987990622}
  - component: {fileID: 5516354961974163748}
  m_Layer: 0
  m_Name: M_Baby_modif
  m_TagString: Untagged
  m_Icon: {fileID: 0}
  m_NavMeshLayer: 0
  m_StaticEditorFlags: 0
  m_IsActive: 1
--- !u!4 &2451088897987990622
Transform:
  m_ObjectHideFlags: 0
  m_CorrespondingSourceObject: {fileID: 0}
  m_PrefabInstance: {fileID: 0}
  m_PrefabAsset: {fileID: 0}
  m_GameObject: {fileID: 1467994830078256717}
  m_LocalRotation: {x: 0, y: 0, z: 0, w: 1}
  m_LocalPosition: {x: -25.86, y: 60.39, z: 3.9}
  m_LocalScale: {x: 1, y: 1, z: 1}
  m_Children:
  - {fileID: 8777615734525226007}
  - {fileID: 5300043900748223275}
  m_Father: {fileID: 0}
  m_RootOrder: 0
  m_LocalEulerAnglesHint: {x: 0, y: 0, z: 0}
--- !u!95 &5516354961974163748
Animator:
  serializedVersion: 3
  m_ObjectHideFlags: 0
  m_CorrespondingSourceObject: {fileID: 0}
  m_PrefabInstance: {fileID: 0}
  m_PrefabAsset: {fileID: 0}
  m_GameObject: {fileID: 1467994830078256717}
  m_Enabled: 1
  m_Avatar: {fileID: 9000000, guid: a207431c39f33634c8fd8b598e59f1dd, type: 3}
  m_Controller: {fileID: 0}
  m_CullingMode: 1
  m_UpdateMode: 0
  m_ApplyRootMotion: 0
  m_LinearVelocityBlending: 0
  m_WarningMessage: 
  m_HasTransformHierarchy: 1
  m_AllowConstantClipSamplingOptimization: 1
  m_KeepAnimatorControllerStateOnDisable: 0
--- !u!1 &1530003109725078491
GameObject:
  m_ObjectHideFlags: 0
  m_CorrespondingSourceObject: {fileID: 0}
  m_PrefabInstance: {fileID: 0}
  m_PrefabAsset: {fileID: 0}
  serializedVersion: 6
  m_Component:
  - component: {fileID: 9207182576444849124}
  m_Layer: 0
  m_Name: sert a rien
  m_TagString: Untagged
  m_Icon: {fileID: 0}
  m_NavMeshLayer: 0
  m_StaticEditorFlags: 0
  m_IsActive: 1
--- !u!4 &9207182576444849124
Transform:
  m_ObjectHideFlags: 0
  m_CorrespondingSourceObject: {fileID: 0}
  m_PrefabInstance: {fileID: 0}
  m_PrefabAsset: {fileID: 0}
  m_GameObject: {fileID: 1530003109725078491}
  m_LocalRotation: {x: 0.00035304495, y: -0.00038068806, z: 0.7293758, w: 0.68411314}
  m_LocalPosition: {x: -0.19549817, y: 0.000065639615, z: 0.0000004438763}
  m_LocalScale: {x: 1, y: 1, z: 1}
  m_Children:
  - {fileID: 118269309800674912}
  m_Father: {fileID: 8777615734525226007}
  m_RootOrder: 1
  m_LocalEulerAnglesHint: {x: 0.059000004, y: 0, z: 93.66801}
--- !u!1 &2184158048306228249
GameObject:
  m_ObjectHideFlags: 0
  m_CorrespondingSourceObject: {fileID: 0}
  m_PrefabInstance: {fileID: 0}
  m_PrefabAsset: {fileID: 0}
  serializedVersion: 6
  m_Component:
  - component: {fileID: 147475943709149490}
  m_Layer: 0
  m_Name: rotuleGauche
  m_TagString: Untagged
  m_Icon: {fileID: 0}
  m_NavMeshLayer: 0
  m_StaticEditorFlags: 0
  m_IsActive: 1
--- !u!4 &147475943709149490
Transform:
  m_ObjectHideFlags: 0
  m_CorrespondingSourceObject: {fileID: 0}
  m_PrefabInstance: {fileID: 0}
  m_PrefabAsset: {fileID: 0}
  m_GameObject: {fileID: 2184158048306228249}
  m_LocalRotation: {x: 0.05645527, y: -0.07565827, z: 0.533531, w: 0.84049594}
  m_LocalPosition: {x: -0.06268142, y: 0.000009655952, z: -0.00000034945168}
  m_LocalScale: {x: 1, y: 1, z: 1}
  m_Children:
  - {fileID: 5104378989780216717}
  m_Father: {fileID: 7037895759702693638}
  m_RootOrder: 0
  m_LocalEulerAnglesHint: {x: 10.116, y: -3.8990002, z: 64.468}
--- !u!1 &2324049270260357780
GameObject:
  m_ObjectHideFlags: 0
  m_CorrespondingSourceObject: {fileID: 0}
  m_PrefabInstance: {fileID: 0}
  m_PrefabAsset: {fileID: 0}
  serializedVersion: 6
  m_Component:
  - component: {fileID: 8424456101852847155}
  m_Layer: 0
  m_Name: rotuleDroit
  m_TagString: Untagged
  m_Icon: {fileID: 0}
  m_NavMeshLayer: 0
  m_StaticEditorFlags: 0
  m_IsActive: 1
--- !u!4 &8424456101852847155
Transform:
  m_ObjectHideFlags: 0
  m_CorrespondingSourceObject: {fileID: 0}
  m_PrefabInstance: {fileID: 0}
  m_PrefabAsset: {fileID: 0}
  m_GameObject: {fileID: 2324049270260357780}
  m_LocalRotation: {x: -0.0105114505, y: -0.0144541925, z: -0.5525573, w: 0.8332833}
  m_LocalPosition: {x: -0.06633247, y: -0.0000138655305, z: 0.0000002970886}
  m_LocalScale: {x: 1, y: 1, z: 1}
  m_Children:
  - {fileID: 4814215520007103400}
  m_Father: {fileID: 6447316802290940392}
  m_RootOrder: 0
  m_LocalEulerAnglesHint: {x: -1.9190001, y: -0.71500003, z: -67.08501}
--- !u!1 &2589905257923342567
GameObject:
  m_ObjectHideFlags: 0
  m_CorrespondingSourceObject: {fileID: 0}
  m_PrefabInstance: {fileID: 0}
  m_PrefabAsset: {fileID: 0}
  serializedVersion: 6
  m_Component:
  - component: {fileID: 5104378989780216717}
  m_Layer: 0
  m_Name: tibiaGauche
  m_TagString: Untagged
  m_Icon: {fileID: 0}
  m_NavMeshLayer: 0
  m_StaticEditorFlags: 0
  m_IsActive: 1
--- !u!4 &5104378989780216717
Transform:
  m_ObjectHideFlags: 0
  m_CorrespondingSourceObject: {fileID: 0}
  m_PrefabInstance: {fileID: 0}
  m_PrefabAsset: {fileID: 0}
  m_GameObject: {fileID: 2589905257923342567}
  m_LocalRotation: {x: -0.0033190467, y: 0.09410996, z: 0.036782525, w: 0.9948766}
  m_LocalPosition: {x: -0.113961816, y: -0.0000048466027, z: 0.000001469627}
  m_LocalScale: {x: 1, y: 1, z: 1}
  m_Children:
  - {fileID: 1425498861854401649}
  m_Father: {fileID: 147475943709149490}
  m_RootOrder: 0
  m_LocalEulerAnglesHint: {x: -0.77500004, y: 10.779, z: 4.162}
--- !u!1 &2776182265156173504
GameObject:
  m_ObjectHideFlags: 0
  m_CorrespondingSourceObject: {fileID: 0}
  m_PrefabInstance: {fileID: 0}
  m_PrefabAsset: {fileID: 0}
  serializedVersion: 6
  m_Component:
  - component: {fileID: 6447316802290940392}
  m_Layer: 0
  m_Name: jambeDroit
  m_TagString: Untagged
  m_Icon: {fileID: 0}
  m_NavMeshLayer: 0
  m_StaticEditorFlags: 0
  m_IsActive: 1
--- !u!4 &6447316802290940392
Transform:
  m_ObjectHideFlags: 0
  m_CorrespondingSourceObject: {fileID: 0}
  m_PrefabInstance: {fileID: 0}
  m_PrefabAsset: {fileID: 0}
  m_GameObject: {fileID: 2776182265156173504}
  m_LocalRotation: {x: 0.000000012675079, y: 0.000000008876478, z: 0.5737003, w: 0.8190653}
  m_LocalPosition: {x: -0.22230956, y: -0.00013916015, z: 0}
  m_LocalScale: {x: 1, y: 1, z: 1}
  m_Children:
  - {fileID: 8424456101852847155}
  m_Father: {fileID: 8012546104051191789}
  m_RootOrder: 1
  m_LocalEulerAnglesHint: {x: 0, y: 0, z: 0}
--- !u!1 &3434366759492610071
GameObject:
  m_ObjectHideFlags: 0
  m_CorrespondingSourceObject: {fileID: 0}
  m_PrefabInstance: {fileID: 0}
  m_PrefabAsset: {fileID: 0}
  serializedVersion: 6
  m_Component:
  - component: {fileID: 5300043900748223275}
  - component: {fileID: 5285602424410997903}
  m_Layer: 0
  m_Name: mainBody
  m_TagString: Untagged
  m_Icon: {fileID: 0}
  m_NavMeshLayer: 0
  m_StaticEditorFlags: 0
  m_IsActive: 1
--- !u!4 &5300043900748223275
Transform:
  m_ObjectHideFlags: 0
  m_CorrespondingSourceObject: {fileID: 0}
  m_PrefabInstance: {fileID: 0}
  m_PrefabAsset: {fileID: 0}
  m_GameObject: {fileID: 3434366759492610071}
  m_LocalRotation: {x: -0.7071068, y: 0, z: -0, w: 0.7071068}
  m_LocalPosition: {x: 28.656061, y: -56.505238, z: 4.463413}
  m_LocalScale: {x: 0.5505, y: 0.5505, z: 0.5505}
  m_Children: []
  m_Father: {fileID: 2451088897987990622}
  m_RootOrder: 1
  m_LocalEulerAnglesHint: {x: 0, y: 0, z: 0}
--- !u!137 &5285602424410997903
SkinnedMeshRenderer:
  m_ObjectHideFlags: 0
  m_CorrespondingSourceObject: {fileID: 0}
  m_PrefabInstance: {fileID: 0}
  m_PrefabAsset: {fileID: 0}
  m_GameObject: {fileID: 3434366759492610071}
  m_Enabled: 1
  m_CastShadows: 1
  m_ReceiveShadows: 1
  m_DynamicOccludee: 1
  m_MotionVectors: 1
  m_LightProbeUsage: 1
  m_ReflectionProbeUsage: 1
  m_RenderingLayerMask: 1
  m_RendererPriority: 0
  m_Materials:
  - {fileID: 670224309865224971, guid: a207431c39f33634c8fd8b598e59f1dd, type: 3}
  m_StaticBatchInfo:
    firstSubMesh: 0
    subMeshCount: 0
  m_StaticBatchRoot: {fileID: 0}
  m_ProbeAnchor: {fileID: 0}
  m_LightProbeVolumeOverride: {fileID: 0}
  m_ScaleInLightmap: 1
  m_ReceiveGI: 1
  m_PreserveUVs: 0
  m_IgnoreNormalsForChartDetection: 0
  m_ImportantGI: 0
  m_StitchLightmapSeams: 1
  m_SelectedEditorRenderState: 3
  m_MinimumChartSize: 4
  m_AutoUVMaxDistance: 0.5
  m_AutoUVMaxAngle: 89
  m_LightmapParameters: {fileID: 0}
  m_SortingLayerID: 0
  m_SortingLayer: 0
  m_SortingOrder: 0
  serializedVersion: 2
  m_Quality: 0
  m_UpdateWhenOffscreen: 0
  m_SkinnedMotionVectors: 1
  m_Mesh: {fileID: -9088587359526165035, guid: a207431c39f33634c8fd8b598e59f1dd, type: 3}
  m_Bones:
  - {fileID: 8777615734525226007}
  - {fileID: 9207182576444849124}
  - {fileID: 118269309800674912}
  - {fileID: 8012546104051191789}
  - {fileID: 6447316802290940392}
  - {fileID: 8424456101852847155}
  - {fileID: 7037895759702693638}
  - {fileID: 5502569014991903394}
  - {fileID: 8442722916305144636}
  - {fileID: 147475943709149490}
  - {fileID: 4814215520007103400}
  - {fileID: 433038343272783943}
  - {fileID: 5104378989780216717}
  - {fileID: 1425498861854401649}
  - {fileID: 7315787760937017830}
  - {fileID: 7643506174809870360}
  - {fileID: 509862687420121570}
  - {fileID: 7493620205501871483}
  m_BlendShapeWeights: []
  m_RootBone: {fileID: 8777615734525226007}
  m_AABB:
    m_Center: {x: -0.3695392, y: -0.010013118, z: -0.010464145}
    m_Extent: {x: 0.3680328, y: 0.4136333, z: 0.06993073}
  m_DirtyAABB: 0
--- !u!1 &4183055807305677702
GameObject:
  m_ObjectHideFlags: 0
  m_CorrespondingSourceObject: {fileID: 0}
  m_PrefabInstance: {fileID: 0}
  m_PrefabAsset: {fileID: 0}
  serializedVersion: 6
  m_Component:
  - component: {fileID: 118269309800674912}
  m_Layer: 0
  m_Name: brasDroit
  m_TagString: Untagged
  m_Icon: {fileID: 0}
  m_NavMeshLayer: 0
  m_StaticEditorFlags: 0
  m_IsActive: 1
--- !u!4 &118269309800674912
Transform:
  m_ObjectHideFlags: 0
  m_CorrespondingSourceObject: {fileID: 0}
  m_PrefabInstance: {fileID: 0}
  m_PrefabAsset: {fileID: 0}
  m_GameObject: {fileID: 4183055807305677702}
  m_LocalRotation: {x: 0.052706156, y: 0.10498364, z: 0.06754617, w: 0.99077654}
  m_LocalPosition: {x: -0.10913591, y: 0.00832703, z: 0.002506061}
  m_LocalScale: {x: 1, y: 1, z: 1}
  m_Children:
  - {fileID: 7315787760937017830}
  m_Father: {fileID: 9207182576444849124}
  m_RootOrder: 0
  m_LocalEulerAnglesHint: {x: 5.1780005, y: 12.476001, z: 8.367001}
--- !u!1 &4205258029213274345
GameObject:
  m_ObjectHideFlags: 0
  m_CorrespondingSourceObject: {fileID: 0}
  m_PrefabInstance: {fileID: 0}
  m_PrefabAsset: {fileID: 0}
  serializedVersion: 6
  m_Component:
  - component: {fileID: 8012546104051191789}
  m_Layer: 0
  m_Name: tronc2
  m_TagString: Untagged
  m_Icon: {fileID: 0}
  m_NavMeshLayer: 0
  m_StaticEditorFlags: 0
  m_IsActive: 1
--- !u!4 &8012546104051191789
Transform:
  m_ObjectHideFlags: 0
  m_CorrespondingSourceObject: {fileID: 0}
  m_PrefabInstance: {fileID: 0}
  m_PrefabAsset: {fileID: 0}
  m_GameObject: {fileID: 4205258029213274345}
  m_LocalRotation: {x: 0, y: 0, z: 0, w: 1}
  m_LocalPosition: {x: -0.19658253, y: -0.0008134842, z: 0.00000044845027}
  m_LocalScale: {x: 1, y: 1, z: 1}
  m_Children:
  - {fileID: 7037895759702693638}
  - {fileID: 6447316802290940392}
  m_Father: {fileID: 8777615734525226007}
  m_RootOrder: 2
  m_LocalEulerAnglesHint: {x: 0, y: 0, z: 0}
--- !u!1 &5129663720490913479
GameObject:
  m_ObjectHideFlags: 0
  m_CorrespondingSourceObject: {fileID: 0}
  m_PrefabInstance: {fileID: 0}
  m_PrefabAsset: {fileID: 0}
  serializedVersion: 6
  m_Component:
  - component: {fileID: 7493620205501871483}
  m_Layer: 0
  m_Name: mainGauche
  m_TagString: Untagged
  m_Icon: {fileID: 0}
  m_NavMeshLayer: 0
  m_StaticEditorFlags: 0
  m_IsActive: 1
--- !u!4 &7493620205501871483
Transform:
  m_ObjectHideFlags: 0
  m_CorrespondingSourceObject: {fileID: 0}
  m_PrefabInstance: {fileID: 0}
  m_PrefabAsset: {fileID: 0}
  m_GameObject: {fileID: 5129663720490913479}
  m_LocalRotation: {x: 0.01790715, y: 0.07705469, z: 0.106412925, w: 0.9911701}
  m_LocalPosition: {x: -0.09433838, y: 0.0000048828124, z: 0.00000015258789}
  m_LocalScale: {x: 1, y: 1, z: 1}
  m_Children: []
  m_Father: {fileID: 509862687420121570}
  m_RootOrder: 0
  m_LocalEulerAnglesHint: {x: 0, y: 0, z: 0}
--- !u!1 &5194967743542161822
GameObject:
  m_ObjectHideFlags: 0
  m_CorrespondingSourceObject: {fileID: 0}
  m_PrefabInstance: {fileID: 0}
  m_PrefabAsset: {fileID: 0}
  serializedVersion: 6
  m_Component:
  - component: {fileID: 7315787760937017830}
  m_Layer: 0
  m_Name: avantBrasDroit
  m_TagString: Untagged
  m_Icon: {fileID: 0}
  m_NavMeshLayer: 0
  m_StaticEditorFlags: 0
  m_IsActive: 1
--- !u!4 &7315787760937017830
Transform:
  m_ObjectHideFlags: 0
  m_CorrespondingSourceObject: {fileID: 0}
  m_PrefabInstance: {fileID: 0}
  m_PrefabAsset: {fileID: 0}
  m_GameObject: {fileID: 5194967743542161822}
  m_LocalRotation: {x: 0.23175424, y: -0.03194178, z: 0.020624198, w: 0.9720311}
  m_LocalPosition: {x: -0.15217145, y: 0.00000019045547, z: -0.0000006369082}
  m_LocalScale: {x: 1, y: 1, z: 1}
  m_Children:
  - {fileID: 7643506174809870360}
  m_Father: {fileID: 118269309800674912}
  m_RootOrder: 0
  m_LocalEulerAnglesHint: {x: 26.863, y: -3.3760002, z: 1.6240001}
--- !u!1 &5212807472709399066
GameObject:
  m_ObjectHideFlags: 0
  m_CorrespondingSourceObject: {fileID: 0}
  m_PrefabInstance: {fileID: 0}
  m_PrefabAsset: {fileID: 0}
  serializedVersion: 6
  m_Component:
  - component: {fileID: 7643506174809870360}
  m_Layer: 0
  m_Name: mainDroit
  m_TagString: Untagged
  m_Icon: {fileID: 0}
  m_NavMeshLayer: 0
  m_StaticEditorFlags: 0
  m_IsActive: 1
--- !u!4 &7643506174809870360
Transform:
  m_ObjectHideFlags: 0
  m_CorrespondingSourceObject: {fileID: 0}
  m_PrefabInstance: {fileID: 0}
  m_PrefabAsset: {fileID: 0}
  m_GameObject: {fileID: 5212807472709399066}
  m_LocalRotation: {x: 0.2661416, y: -0.25761855, z: 0.010415885, w: 0.9288127}
  m_LocalPosition: {x: -0.09987776, y: 0.00072692265, z: 0.0000008624047}
  m_LocalScale: {x: 0.9199, y: 0.919899, z: 0.9199}
  m_Children: []
  m_Father: {fileID: 7315787760937017830}
  m_RootOrder: 0
  m_LocalEulerAnglesHint: {x: 29.984001, y: -33.100002, z: -7.8150005}
--- !u!1 &5951644113525167770
GameObject:
  m_ObjectHideFlags: 0
  m_CorrespondingSourceObject: {fileID: 0}
  m_PrefabInstance: {fileID: 0}
  m_PrefabAsset: {fileID: 0}
  serializedVersion: 6
  m_Component:
  - component: {fileID: 8777615734525226007}
  m_Layer: 0
  m_Name: Head
  m_TagString: Untagged
  m_Icon: {fileID: 0}
  m_NavMeshLayer: 0
  m_StaticEditorFlags: 0
  m_IsActive: 1
--- !u!4 &8777615734525226007
Transform:
  m_ObjectHideFlags: 0
  m_CorrespondingSourceObject: {fileID: 0}
  m_PrefabInstance: {fileID: 0}
  m_PrefabAsset: {fileID: 0}
  m_GameObject: {fileID: 5951644113525167770}
  m_LocalRotation: {x: 0.0000018478902, y: 0.0000019762228, z: 0.70902693, w: 0.7051815}
  m_LocalPosition: {x: 28.65395, y: -56.30821, z: 4.4714365}
  m_LocalScale: {x: 1, y: 1, z: 1}
  m_Children:
  - {fileID: 5502569014991903394}
  - {fileID: 9207182576444849124}
  - {fileID: 8012546104051191789}
  - {fileID: 330501414481431815}
  m_Father: {fileID: 2451088897987990622}
  m_RootOrder: 0
  m_LocalEulerAnglesHint: {x: 0, y: 0, z: 0}
--- !u!1 &6304177809964150302
GameObject:
  m_ObjectHideFlags: 0
  m_CorrespondingSourceObject: {fileID: 0}
  m_PrefabInstance: {fileID: 0}
  m_PrefabAsset: {fileID: 0}
  serializedVersion: 6
  m_Component:
  - component: {fileID: 1425498861854401649}
  m_Layer: 0
  m_Name: piedGauche
  m_TagString: Untagged
  m_Icon: {fileID: 0}
  m_NavMeshLayer: 0
  m_StaticEditorFlags: 0
  m_IsActive: 1
--- !u!4 &1425498861854401649
Transform:
  m_ObjectHideFlags: 0
  m_CorrespondingSourceObject: {fileID: 0}
  m_PrefabInstance: {fileID: 0}
  m_PrefabAsset: {fileID: 0}
  m_GameObject: {fileID: 6304177809964150302}
  m_LocalRotation: {x: 0, y: 0, z: -0.03614599, w: 0.99934655}
  m_LocalPosition: {x: -0.118901365, y: -0.0000122070305, z: -0.00000061035155}
  m_LocalScale: {x: 1, y: 1, z: 1}
  m_Children: []
  m_Father: {fileID: 5104378989780216717}
  m_RootOrder: 0
  m_LocalEulerAnglesHint: {x: 0, y: 0, z: 0}
--- !u!1 &6631644885318036393
GameObject:
  m_ObjectHideFlags: 0
  m_CorrespondingSourceObject: {fileID: 0}
  m_PrefabInstance: {fileID: 0}
  m_PrefabAsset: {fileID: 0}
  serializedVersion: 6
  m_Component:
  - component: {fileID: 330501414481431815}
  - component: {fileID: 5233581328075771497}
  - component: {fileID: 1718867739896389443}
  m_Layer: 0
  m_Name: centreCorps
  m_TagString: Untagged
  m_Icon: {fileID: 0}
  m_NavMeshLayer: 0
  m_StaticEditorFlags: 0
  m_IsActive: 1
--- !u!4 &330501414481431815
Transform:
  m_ObjectHideFlags: 0
  m_CorrespondingSourceObject: {fileID: 0}
  m_PrefabInstance: {fileID: 0}
  m_PrefabAsset: {fileID: 0}
  m_GameObject: {fileID: 6631644885318036393}
  m_LocalRotation: {x: 0, y: 0, z: 0, w: 1}
  m_LocalPosition: {x: -0.163, y: 0.001, z: -0}
  m_LocalScale: {x: 1, y: 1, z: 1}
  m_Children: []
  m_Father: {fileID: 8777615734525226007}
  m_RootOrder: 3
  m_LocalEulerAnglesHint: {x: 0, y: 0, z: 0}
--- !u!54 &5233581328075771497
Rigidbody:
  m_ObjectHideFlags: 0
  m_CorrespondingSourceObject: {fileID: 0}
  m_PrefabInstance: {fileID: 0}
  m_PrefabAsset: {fileID: 0}
  m_GameObject: {fileID: 6631644885318036393}
  serializedVersion: 2
  m_Mass: 1
  m_Drag: 0
  m_AngularDrag: 0.05
  m_UseGravity: 0
  m_IsKinematic: 1
  m_Interpolate: 0
  m_Constraints: 0
  m_CollisionDetection: 0
--- !u!153 &1718867739896389443
ConfigurableJoint:
  m_ObjectHideFlags: 0
  m_CorrespondingSourceObject: {fileID: 0}
  m_PrefabInstance: {fileID: 0}
  m_PrefabAsset: {fileID: 0}
  m_GameObject: {fileID: 6631644885318036393}
  m_ConnectedBody: {fileID: 0}
  m_Anchor: {x: 0, y: 0, z: 0}
  m_Axis: {x: 1, y: 0, z: 0}
  m_AutoConfigureConnectedAnchor: 1
  m_ConnectedAnchor: {x: 2.7938347, y: 3.918789, z: 8.371437}
  serializedVersion: 2
  m_SecondaryAxis: {x: 0, y: 1, z: 0}
  m_XMotion: 2
  m_YMotion: 2
  m_ZMotion: 2
  m_AngularXMotion: 2
  m_AngularYMotion: 2
  m_AngularZMotion: 2
  m_LinearLimitSpring:
    spring: 0
    damper: 0
  m_LinearLimit:
    limit: 0
    bounciness: 0
    contactDistance: 0
  m_AngularXLimitSpring:
    spring: 0
    damper: 0
  m_LowAngularXLimit:
    limit: 0
    bounciness: 0
    contactDistance: 0
  m_HighAngularXLimit:
    limit: 0
    bounciness: 0
    contactDistance: 0
  m_AngularYZLimitSpring:
    spring: 0
    damper: 0
  m_AngularYLimit:
    limit: 0
    bounciness: 0
    contactDistance: 0
  m_AngularZLimit:
    limit: 0
    bounciness: 0
    contactDistance: 0
  m_TargetPosition: {x: 0, y: 0, z: 0}
  m_TargetVelocity: {x: 0, y: 0, z: 0}
  m_XDrive:
    serializedVersion: 3
    positionSpring: 0
    positionDamper: 0
    maximumForce: 3.4028233e+38
  m_YDrive:
    serializedVersion: 3
    positionSpring: 0
    positionDamper: 0
    maximumForce: 3.4028233e+38
  m_ZDrive:
    serializedVersion: 3
    positionSpring: 0
    positionDamper: 0
    maximumForce: 3.4028233e+38
  m_TargetRotation: {x: 0, y: 0, z: 0, w: 1}
  m_TargetAngularVelocity: {x: 0, y: 0, z: 0}
  m_RotationDriveMode: 0
  m_AngularXDrive:
    serializedVersion: 3
    positionSpring: 0
    positionDamper: 0
    maximumForce: 3.4028233e+38
  m_AngularYZDrive:
    serializedVersion: 3
    positionSpring: 0
    positionDamper: 0
    maximumForce: 3.4028233e+38
  m_SlerpDrive:
    serializedVersion: 3
    positionSpring: 0
    positionDamper: 0
    maximumForce: 3.4028233e+38
  m_ProjectionMode: 0
  m_ProjectionDistance: 0.1
  m_ProjectionAngle: 180
  m_ConfiguredInWorldSpace: 0
  m_SwapBodies: 0
  m_BreakForce: Infinity
  m_BreakTorque: Infinity
  m_EnableCollision: 0
  m_EnablePreprocessing: 1
  m_MassScale: 1
  m_ConnectedMassScale: 1
--- !u!1 &6746607756119486435
GameObject:
  m_ObjectHideFlags: 0
  m_CorrespondingSourceObject: {fileID: 0}
  m_PrefabInstance: {fileID: 0}
  m_PrefabAsset: {fileID: 0}
  serializedVersion: 6
  m_Component:
  - component: {fileID: 5502569014991903394}
  m_Layer: 0
  m_Name: tronc1
  m_TagString: Untagged
  m_Icon: {fileID: 0}
  m_NavMeshLayer: 0
  m_StaticEditorFlags: 0
  m_IsActive: 1
--- !u!4 &5502569014991903394
Transform:
  m_ObjectHideFlags: 0
  m_CorrespondingSourceObject: {fileID: 0}
  m_PrefabInstance: {fileID: 0}
  m_PrefabAsset: {fileID: 0}
  m_GameObject: {fileID: 6746607756119486435}
  m_LocalRotation: {x: -0.0000017846243, y: -0.000002277089, z: -0.7827897, w: 0.6222863}
  m_LocalPosition: {x: -0.19706543, y: 0.00029541014, z: 0}
  m_LocalScale: {x: 1, y: 1, z: 1}
  m_Children:
  - {fileID: 8442722916305144636}
  m_Father: {fileID: 8777615734525226007}
  m_RootOrder: 0
  m_LocalEulerAnglesHint: {x: 0, y: 0, z: 0}
--- !u!1 &8355009873913836543
GameObject:
  m_ObjectHideFlags: 0
  m_CorrespondingSourceObject: {fileID: 0}
  m_PrefabInstance: {fileID: 0}
  m_PrefabAsset: {fileID: 0}
  serializedVersion: 6
  m_Component:
  - component: {fileID: 4814215520007103400}
  m_Layer: 0
  m_Name: tibiaDroit
  m_TagString: Untagged
  m_Icon: {fileID: 0}
  m_NavMeshLayer: 0
  m_StaticEditorFlags: 0
  m_IsActive: 1
--- !u!4 &4814215520007103400
Transform:
  m_ObjectHideFlags: 0
  m_CorrespondingSourceObject: {fileID: 0}
  m_PrefabInstance: {fileID: 0}
  m_PrefabAsset: {fileID: 0}
  m_GameObject: {fileID: 8355009873913836543}
  m_LocalRotation: {x: 0.0006742374, y: 0.032785293, z: -0.020549811, w: 0.99925095}
  m_LocalPosition: {x: -0.11269531, y: 0, z: 0}
  m_LocalScale: {x: 1, y: 1, z: 1}
  m_Children:
  - {fileID: 433038343272783943}
  m_Father: {fileID: 8424456101852847155}
  m_RootOrder: 0
  m_LocalEulerAnglesHint: {x: 0, y: 0, z: 0}
--- !u!1 &8526884763739572210
GameObject:
  m_ObjectHideFlags: 0
  m_CorrespondingSourceObject: {fileID: 0}
  m_PrefabInstance: {fileID: 0}
  m_PrefabAsset: {fileID: 0}
  serializedVersion: 6
  m_Component:
  - component: {fileID: 8442722916305144636}
  m_Layer: 0
  m_Name: BrasGauche
  m_TagString: Untagged
  m_Icon: {fileID: 0}
  m_NavMeshLayer: 0
  m_StaticEditorFlags: 0
  m_IsActive: 1
--- !u!4 &8442722916305144636
Transform:
  m_ObjectHideFlags: 0
  m_CorrespondingSourceObject: {fileID: 0}
  m_PrefabInstance: {fileID: 0}
  m_PrefabAsset: {fileID: 0}
  m_GameObject: {fileID: 8526884763739572210}
  m_LocalRotation: {x: -0.011967446, y: 0.08041569, z: 0.07398941, w: 0.99393946}
  m_LocalPosition: {x: -0.10726074, y: 0.000009765625, z: 0.00000030517577}
  m_LocalScale: {x: 1, y: 1, z: 1}
  m_Children:
  - {fileID: 509862687420121570}
  m_Father: {fileID: 5502569014991903394}
  m_RootOrder: 0
  m_LocalEulerAnglesHint: {x: 0, y: 0, z: 0}
